@INPROCEEDINGS{2017IAUS..325...73D,
   author = {{Dubath}, P. and {Apostolakos}, N. and {Bonchi}, A. and {Belikov}, A. and 
	{Brescia}, M. and {Cavuoti}, S. and {Capak}, P. and {Coupon}, J. and 
	{Dabin}, C. and {Degaudenzi}, H. and {Desai}, S. and {Dubath}, F. and 
	{Fontana}, A. and {Fotopoulou}, S. and {Frailis}, M. and {Galametz}, A. and 
	{Hoar}, J. and {Holliman}, M. and {Hoyle}, B. and {Hudelot}, P. and 
	{Ilbert}, O. and {Kuemmel}, M. and {Melchior}, M. and {Mellier}, Y. and 
	{Mohr}, J. and {Morisset}, N. and {Paltani}, S. and {Pello}, R. and 
	{Pilo}, S. and {Polenta}, G. and {Poncet}, M. and {Saglia}, R. and 
	{Salvato}, M. and {Sauvage}, M. and {Schefer}, M. and {Serrano}, S. and 
	{Soldati}, M. and {Tramacere}, A. and {Williams}, R. and {Zacchei}, A.
	},
    title = "{The Euclid Data Processing Challenges}",
 keywords = {dark matter, galaxies: distances and redshifts, galaxies: fundamental parameters, surveys, catalogs, methods: data analysis,},
booktitle = {Astroinformatics},
     year = 2017,
   series = {IAU Symposium},
   volume = 325,
archivePrefix = "arXiv",
   eprint = {1701.08158},
 primaryClass = "astro-ph.IM",
   editor = {{Brescia}, M. and {Djorgovski}, S.~G. and {Feigelson}, E.~D. and 
	{Longo}, G. and {Cavuoti}, S.},
    month = jun,
    pages = {73-82},
      doi = {10.1017/S1743921317001521},
   adsurl = {https://ui.adsabs.harvard.edu/abs/2017IAUS..325...73D},
  adsnote = {Provided by the SAO/NASA Astrophysics Data System}
}


@ARTICLE{2005ApJ...622..759G,
   author = {{G{\'o}rski}, K.~M. and {Hivon}, E. and {Banday}, A.~J. and 
	{Wandelt}, B.~D. and {Hansen}, F.~K. and {Reinecke}, M. and 
	{Bartelmann}, M.},
    title = "{HEALPix: A Framework for High-Resolution Discretization and Fast Analysis of Data Distributed on the Sphere}",
  journal = {\apj},
   eprint = {astro-ph/0409513},
 keywords = {Cosmology: Cosmic Microwave Background, Cosmology: Observations, Methods: Statistical},
     year = 2005,
    month = apr,
   volume = 622,
    pages = {759-771},
      doi = {10.1086/427976},
   adsurl = {https://ui.adsabs.harvard.edu/abs/2005ApJ...622..759G},
  adsnote = {Provided by the SAO/NASA Astrophysics Data System}
}

@ARTICLE{2015A&A...578A.114F,
       author = {{Fernique}, P. and {Allen}, M.~G. and {Boch}, T. and {Oberto}, A. and
         {Pineau}, F. -X. and {Durand}, D. and {Bot}, C. and {Cambr{\'e}sy}, L. and
         {Derriere}, S. and {Genova}, F. and {Bonnarel}, F.},
        title = "{Hierarchical progressive surveys. Multi-resolution HEALPix data structures for astronomical images, catalogues, and 3-dimensional data cubes}",
      journal = {\aap},
     keywords = {surveys, atlases, astronomical databases: miscellaneous, catalogs, virtual observatory tools, methods: statistical, Astrophysics - Instrumentation and Methods for Astrophysics},
         year = "2015",
        month = "Jun",
       volume = {578},
          eid = {A114},
        pages = {A114},
          doi = {10.1051/0004-6361/201526075},
archivePrefix = {arXiv},
       eprint = {1505.02291},
 primaryClass = {astro-ph.IM},
       adsurl = {https://ui.adsabs.harvard.edu/abs/2015A&A...578A.114F},
      adsnote = {Provided by the SAO/NASA Astrophysics Data System}
}
